@book{howes2003understanding,
  title={Understanding and deploying LDAP directory services},
  author={Howes, Timothy A and Howes, Tim and Smith, Mark and Good, Gordon S},
  year={2003},
  publisher={Addison-Wesley Professional}
}

@misc{good2000rfc2849,
  title={RFC2849: The LDAP Data Interchange Format (LDIF)-Technical Specification},
  author={Good, G},
  year={2000},
  publisher={RFC Editor}
}

@book{chodorow2013mongodb,
  title={MongoDB: the definitive guide: powerful and scalable data storage},
  author={Chodorow, Kristina},
  year={2013},
  publisher={" O'Reilly Media, Inc."}
}